@techreport{brodeur2025_ai_replication_games,
  title        = {AI-Replication Games},
  author       = {Brodeur, Abel and Abdul Baki, Ghina and Aparicio, Juan P. and Barbarioli, Bruno and Fiala, Lenka and Mikola, Derek and Valenta, David},
  institution  = {Institute for Replication},
  year         = {2025},
  number       = {I4R-DP195},
  url          = {https://econstor.eu/bitstream/10419/308508/1/I4R-DP195.pdf},
  note         = {Working paper}
}

@misc{osf2024_pap,
  title        = {AI-Replication Games: Pre-Analysis Plan},
  author       = {Institute for Replication},
  year         = {2024},
  howpublished = {OSF},
  url          = {https://osf.io/},
  note         = {Placeholder; replace with exact OSF record}
}

